@book{mitchell_1997,
title={Machine learning},
publisher={McGraw-Hill},
author={Mitchell, Tom M},
year={1997}
}

@book{ai_modern,
place={Upper Saddle River, N.J.},
edition={3},
title={Artificial intelligence - A Modern Approach},
publisher={Prentice Hall},
author={Russell, Stuart J and Norvig, Peter},
year={2010}
}

@book{haykin,
place={Upper Saddle River},
edition={3},
title={Neural networks and learning machines},
publisher={Prentice Hall},
author={Haykin, Simon S},
year={2009}
}

@book{bishop_2006, 
place={New York}, 
title={Pattern recognition and machine learning}, 
publisher={Springer}, 
author={Bishop, Christopher M.}, 
year={2006}
}

@book{intro_stat_learn,
place={New York},
title={An introduction to statistical learning with applications in R},
publisher={Springer},
author={James, Gareth and Witten, Daniela and Hastie, Trevor and Tibshirani, Robert},
year={2017},
}

@ARTICLE{art:prob_dim, 
author={G. V. Trunk}, 
journal={IEEE Transactions on Pattern Analysis and Machine Intelligence}, 
title={A Problem of Dimensionality: A Simple Example}, 
year={1979}, 
volume={PAMI-1}, 
number={3}, 
pages={306-307}, 
keywords={Parameter estimation;Reactive power;Error analysis;Covariance matrix;Probability;Pattern recognition;Testing;Detectors;Correlators;Gaussian distribution;Dimensionality}, 
doi={10.1109/TPAMI.1979.4766926}, 
ISSN={0162-8828}, 
month={July},
}

@misc{dim_grown,
title={The Curse of Dimensionality}, url={https://medium.freecodecamp.org/the-curse-of-dimensionality-how-we-can-save-big-data-from-itself-d9fa0f872335},
journal={Medium},
publisher={Medium},
author={Gleeson, Peter},
year={2017},
month={Oct},
urlaccessdate={31/10/2018},
}

@article{overfitting_crossval,
 author = {Cawley, Gavin C. and Talbot, Nicola L.C.},
 title = {On Over-fitting in Model Selection and Subsequent Selection Bias in Performance Evaluation},
 journal = {J. Mach. Learn. Res.},
 issue_date = {3/1/2010},
 volume = {11},
 month = aug,
 year = {2010},
 issn = {1532-4435},
 pages = {2079--2107},
 numpages = {29},
 url = {http://dl.acm.org/citation.cfm?id=1756006.1859921},
 acmid = {1859921},
 publisher = {JMLR.org},
} 

@misc{cross_val, 
title={Different types of Validations in Machine Learning (Cross Validation)}, url={https://blog.contactsunny.com/data-science/different-types-of-validations-in-machine-learning-cross-validation},
journal={The Tech Check}, 
author={Srinidhi, Sunny}, 
year={2018}, 
month={Aug},
urlaccessdate={31/10/2018},
}

@article{burman,
title={A Comparative Study of Ordinary Cross-Validation, v-Fold Cross-Validation and the Repeated Learning-Testing Methods},
volume={76},
DOI={10.2307/2336116}, 
number={3}, 
journal={Biometrika}, 
author={Burman, Prabir}, 
year={1989}
}

@book{applied_matrix_algebra,
place={Mineola, N.Y}, 
title={Applied matrix algebra in the statistical sciences}, 
publisher={Dover Publications}, 
author={Basilevsky, Alexander}, 
year={2005}
}


@book{lin_reg_analysis, 
place={New York}, 
edition={2},
title={Linear regression analysis},
publisher={Wiley}, 
author={Seber, George A. F. and Lee, Alan J.},
year={2012}
}

@Book{econometrics,
 author = {Hayashi, Fumio},
 title = {Econometrics},
 publisher = {Princeton University Press},
 year = {2001},
 address = {Princeton},
 isbn = {9781400823833}
 }


@Book{mit_onlinereg,
 author = {Rosasco, Poggio},
 title = {Machine Learning: a Regularization Approach: Chapter 7 - Online Learning},
 publisher = {MIT-9.520 Lectures Notes, Manuscript},
 year = {2015}
 }